@article{raasveldt2017dhmds,
  author    = {Mark Raasveldt, Hannes Muhleisen},
  title     = {Don’t Hold My Data Hostage – A Case For Client Protocol Redesign},
  journal   = {Proceedings of the VLDB Endowment},
  volume    = {10},
  number    = {10},
  year      = {2017},
  pages     = {1022--1033},
  issn      = {2150-8097},
  doi       = {10.14778/3115404.3115408},
  url       = {https://doi.org/10.14778/3115404.3115408},
  note      = {This work is licensed under the Creative Commons Attribution-NonCommercial-NoDerivatives 4.0 International License. To view a copy of this license, visit \url{http://creativecommons.org/licenses/by-nc-nd/4.0/}. For any use beyond those covered by this license, obtain permission by emailing \url{info@vldb.org}.},
}

@article{raasveldt2016vectorized,
  title={Vectorized UDFs in Column-Stores},
  author={Raasveldt, Mark and M\"uhleisen, Hannes},
  booktitle={Proceedings of the 28th International Conference on Scientific and Statistical Database Management},
  pages={16:1--16:12},
  year={2016},
  organization={ACM},
  address={New York, NY, USA},
  publisher={ACM}
}

@article{wang2022connectorx,
  author    = {Xiaoying Wang and Weiyuan Wu and Jinze Wu and Yizhou Chen and Nick Zrymiak and Changbo Qu and Lampros Flokas and George Chow and Jiannan Wang and Tianzheng Wang and Eugene Wu and Qingqing Zhou},
  title     = {ConnectorX: Accelerating Data Loading From Databases to Dataframes},
  journal   = {Proceedings of the VLDB Endowment (PVLDB)},
  volume    = {15},
  number    = {11},
  pages     = {2994--3003},
  year      = {2022},
  doi       = {10.14778/3551793.3551847},
  url       = {https://doi.org/10.14778/3551793.3551847},
  note      = {Available at: \url{https://github.com/sfu-db/connectorx-bench}},
}

@book{widenius2002mysql,
  author    = {Michael Widenius and David Axmark},
  title     = {MySQL Reference Manual},
  publisher = {O'Reilly \& Associates, Inc.},
  address   = {Sebastopol, CA, USA},
  edition   = {1st},
  year      = {2002}
}


@article{stonebraker1991postgres,
  author    = {Michael Stonebraker and Gregory Kemnitz},
  title     = {The POSTGRES Next Generation Database Management System},
  journal   = {Communications of the ACM},
  volume    = {34},
  number    = {10},
  pages     = {78--92},
  month     = {October},
  year      = {1991}
}


@book{zikopoulos2001db2,
  author    = {Paul C. Zikopoulos and Roman B. Melnyk},
  title     = {{DB2}: The Complete Reference},
  publisher = {McGraw-Hill Companies},
  month     = {January},
  year      = {2001}
}

@inproceedings{thusoo2010hive,
  author    = {Ashish Thusoo and Joydeep Sen Sarma and Namit Jain and others},
  title     = {Hive - a petabyte scale data warehouse using Hadoop},
  booktitle = {2010 IEEE 30th International Conference on Data Engineering},
  pages     = {996--1005},
  year      = {2010}
}

@article{boncz2008breaking,
  author    = {Peter A. Boncz and Martin L. Kersten and Stefan Manegold},
  title     = {Breaking the Memory Wall in MonetDB},
  journal   = {Communications of the ACM},
  volume    = {51},
  number    = {12},
  pages     = {77--85},
  month     = {December},
  year      = {2008}
}

@techreport{mongodb2016architecture,
  author      = {{MongoDB Inc.}},
  title       = {MongoDB Architecture Guide},
  institution = {MongoDB Inc.},
  year        = {2016},
  month       = {June}
}

@techreport{gibson2016ncat,
  author       = {C. Gibson and K. Katterjohn and Mixter and Fyodor},
  title        = {{Ncat Reference Guide}},
  institution  = {Nmap Project},
  year         = {2016},
  type         = {Technical Report}
}

@techreport{hemminger2005netem,
  author       = {S. Hemminger},
  title        = {Network Emulation with NetEm},
  institution  = {Open Source Development Lab},
  year         = {2005},
  month        = {April},
  type         = {Technical Report}
}

@book{salomon2006datacompression,
  author       = {D. Salomon},
  title        = {Data Compression: The Complete Reference},
  publisher    = {Springer-Verlag New York, Inc.},
  address      = {Secaucus, NJ, USA},
  year         = {2006}
}

@techreport{usc2014americancensus,
  author       = {{U.S. Census Bureau}},
  title        = {American Community Survey},
  year         = {2014},
  type         = {Technical Report}
}

@techreport{dot2016airlineontime,
  author       = {{U.S. Department of Transportation}},
  title        = {Airline On-Time Statistics and Delay Causes},
  institution  = {United States Department of Transportation},
  year         = {2016},
  type         = {Technical Report}
}

@inproceedings{abadi2006integrating,
  author    = {D. Abadi and S. Madden and M. Ferreira},
  title     = {Integrating Compression and Execution in Column-oriented Database Systems},
  booktitle = {Proceedings of the 2006 ACM SIGMOD International Conference on Management of Data},
  series    = {SIGMOD '06},
  pages     = {671--682},
  year      = {2006},
  publisher = {ACM},
  address   = {New York, NY, USA}
}

@manual{rcore2016,
  author       = {{R Core Team}},
  title        = {{R}: A Language and Environment for Statistical Computing},
  organization = {R Foundation for Statistical Computing},
  address      = {Vienna, Austria},
  year         = {2016}
}


@inproceedings{mckinney2010data,
  author    = {McKinney, W.},
  title     = {Data Structures for Statistical Computing in {Python}},
  booktitle = {Proceedings of the 9th Python in Science Conference},
  editor    = {van der Walt, S. and Millman, J.},
  pages     = {51--56},
  year      = {2010}
}

@techreport{snappy2016,
  author       = {{Google}},
  title        = {Snappy, a fast compressor/decompressor},
  institution  = {Google},
  year         = {2016}
}

@techreport{lz42013,
  author       = {Yann Collet},
  title        = {{LZ4} - Extremely fast compression},
  institution  = {Unknown},
  year         = {2013}
}

@techreport{gzip1993,
  author       = {Jean-loup Gailly},
  title        = {gzip: The data compression program},
  institution  = {University of Utah},
  month        = {July},
  year         = {1993}
}

@article{lemire2012decoding,
  author    = {Daniel Lemire and Leonid Boytsov},
  title     = {Decoding billions of integers per second through vectorization},
  journal   = {CoRR},
  volume    = {abs/1209.2137},
  year      = {2012},
  url       = {http://arxiv.org/abs/1209.2137}
}

@techreport{protobuf2016developers,
  author      = {Google},
  title       = {Protocol Buffers: Developer’s Guide},
  institution = {Google},
  year        = {2016},
  url         = {https://developers.google.com/protocol-buffers/docs/overview}
}

@techreport{prunicki2009apache,
  author      = {Prunicki, A.},
  title       = {Apache Thrift},
  institution = {Object Computing, Inc.},
  year        = {2009},
  month       = {June},
  url         = {https://thrift.apache.org/static/files/thrift-200906.pdf}
}

@inproceedings{Fent2020LowLatency,
  author = {Philipp Fent and Alexander van Renen and Andreas Kipf and Viktor Leis and Thomas Neumann and Alfons Kemper},
  title = {Low-Latency Communication for Fast DBMS Using RDMA and Shared Memory},
  booktitle = {Proceedings of the 2020 IEEE 36th International Conference on Data Engineering (ICDE)},
  year = {2020},
  publisher = {IEEE},
  address = {Dallas, TX, USA},
  month = {April},
  doi = {10.1109/ICDE48307.2020.00131},
  isbn = {978-1-7281-2903-7},
  issn = {2375-026X},
  url = {https://ieeexplore.ieee.org/document/9101926},
  pages = {1377-1388}
}

@misc{ApacheArrow,
  author = {Apache Arrow},
  title = {Apache Arrow},
  year = {2024},
  howpublished = {\url{https://github.com/apache/arrow}},
  note = {Accessed: 2024-06-22}
}

